%% This BibTeX bibliography file was created using BibDesk.
%% http://bibdesk.sourceforge.net/

%% Created for 高向孚 at 2017-05-28 23:05:40 +0800 


%% Saved with string encoding Unicode (UTF-8) 



@article{add8,
	Author = {王根 and 赵军},
	Date-Added = {2017-05-28 15:05:06 +0000},
	Date-Modified = {2017-05-28 15:05:40 +0000},
	Journal = {中文信息学报},
	Title = {基于多重冗余标记CRFs的句子情感分析研究},
	Volume = {05},
	Year = {2007}}

@article{add7,
	Author = {洪铭材 and 张阔 and 唐杰 and 李涓子},
	Date-Added = {2017-05-28 15:04:08 +0000},
	Date-Modified = {2017-05-28 15:04:41 +0000},
	Journal = {计算机科学},
	Title = {基于条件随机场(CRFs)的中文词性标注方法},
	Volume = {10},
	Year = {2006}}

@article{add6,
	Author = {丁德鑫 and 曲维光 and 徐涛 and 董宇},
	Date-Added = {2017-05-28 15:00:16 +0000},
	Date-Modified = {2017-05-28 15:01:56 +0000},
	Journal = {2008},
	Title = {基于CRF模型的组合型歧义消解研究},
	Year = {04}}

@article{add5,
	Author = {孙虹 and 陈俊杰},
	Date-Added = {2017-05-28 14:58:43 +0000},
	Date-Modified = {2017-05-28 15:00:03 +0000},
	Journal = {计算机应用与软件},
	Title = {双层CRF与规则相结合的中文地名识别方法研究},
	Volume = {11},
	Year = {2014}}

@article{add4,
	Author = {李保利 and 陈玉忠 and 俞士汶},
	Date-Added = {2017-05-28 14:57:19 +0000},
	Date-Modified = {2017-05-28 14:57:55 +0000},
	Journal = {计算机工程与应用},
	Title = {信息抽取研究综述},
	Volume = {10},
	Year = {2003}}

@article{add3,
	Author = {郑家恒 and 张辉},
	Date-Added = {2017-05-28 14:56:31 +0000},
	Date-Modified = {2017-05-28 14:57:15 +0000},
	Journal = {计算机应用},
	Title = {基于HMM的中国组织机构名自动识别},
	Volume = {11},
	Year = {2002}}

@article{add2,
	Author = {薛翠芳 and 郭炳炎},
	Date-Added = {2017-05-28 14:55:56 +0000},
	Date-Modified = {2017-05-28 14:56:26 +0000},
	Journal = {情报学报},
	Title = {汉语文本特征词的抽取方法},
	Volume = {03},
	Year = {2000}}

@article{add1,
	Author = {黄德根 and 杨元生 and 王省 and 张艳丽 and 钟万勰},
	Date-Added = {2017-05-28 14:53:02 +0000},
	Date-Modified = {2017-05-28 14:55:28 +0000},
	Journal = {中文信息学报},
	Title = {基于统计方法的中文姓名识别},
	Volume = {02},
	Year = {2001}}

@article{zhou2006cengdiecrf,
	Author = {周俊生;戴新宇;尹存燕;陈家骏 and 周俊生},
	Date-Modified = {2017-05-10 03:46:31 +0000},
	Journal = {电子学报},
	Language = {Chinese},
	Month = {5},
	Number = {5},
	Pages = {804-809},
	Title = {基于层叠条件随机场模型的中文机构名自动识别},
	Volume = {34},
	Year = {2006}}

@article{ju2011crfguizedili,
	Author = {鞠久朋;周国栋 and 周国栋 and 张伟伟 and 宁建军},
	Date-Modified = {2017-05-15 13:05:24 +0000},
	Journal = {计算机工程},
	Language = {Chinese},
	Number = {7},
	Pages = {210-215},
	Title = {CRF与规则相结合的地理空间命名实体识别},
	Volume = {37},
	Year = {2011}}

@article{pan2012guizetongji1,
	Address = {安徽},
	Author = {潘正高},
	Date-Modified = {2017-05-10 03:18:49 +0000},
	Journal = {情报科学},
	Language = {Chinese},
	Pages = {708-786},
	School = {宿州学院},
	Title = {基于规则和统计相结合的中文命名实体识别研究},
	Year = {2012}}

@article{he2015crfguize,
	Author = {何炎祥 and 罗楚威;胡彬尧},
	Date-Modified = {2017-05-10 03:32:12 +0000},
	Journal = {计算机应用与软件},
	Language = {Chinese},
	Month = {1},
	Number = {1},
	Title = {基于CRF和规则相结合的地理命名实体识别方法},
	Volume = {32},
	Year = {2015}}

@book{zhouzhihua,
	Author = {周志华},
	Date-Modified = {2017-05-15 13:00:19 +0000},
	Language = {Chinese},
	Publisher = {清华大学出版社},
	Title = {机器学习},
	Year = {2016}}

@article{yu2006cengdiehmm,
	Author = {俞鸿魁;张华平;刘群 and 吕学强;施水才},
	Date-Modified = {2017-05-15 13:06:16 +0000},
	Journal = {通信学报},
	Language = {Chinese},
	Number = {2},
	Pages = {88-94},
	Title = {基于层叠隐马尔可夫模型的中文命名实体识别},
	Volume = {27},
	Year = {2006}}
